@article{HongHuZhang,
    author = {L. Jeff Hong and Zhaolin Hu and Liwei Zhang},
    title = {Conditional Value-at-Risk Approximation to Value-at-Risk Constrained Programs: A Remedy via Monte Carlo},
    journal = {INFORMS Journal on Computing},
    volumne = {26},
    number = {2},
    pages = {385-400},
    year = {2014}
}

@article{Cid,
    author = {Eva Alfaro Cid},
    title = {Several risk measures in portfolio selection: Is it worthwhile?},
    journal = {Revista Espanola de Financiacion y Contabilidad},
    doi = {10.1080/02102412.2010.10779687},
    year = {2010}
}

@article{KaucicMoradiMirzazadeh,
    author = {Massimiliano Kaucic and Mojtaba Moradi and Mohmmad Mirzazadeh},
    title = {Portfolio optimization by improved NSGA-II and SPEA 2 based on different risk measures},
    journal = {Financial Innovation},
    volumne = {5},
    number = {1},
    pages = {1-28},
    year = {2019}
}

@article{Xiongetal,
    author = {Jian Xiong and Chao Zhang and Gang Kou and Rui Wang and Hisao Ishibuchi and Fawaz E. Alsaadi},
    title = {Optimizing Long-Term Bank Financial Products Portfolio Problems with a Multiobjective Evolutionary Approach},
    journal = {Hindawi},
    doi = {10.1155/2020/3106097},
    year = {2020}
}

@book{Yang,
    author = {Xin-She Yang},
    title = {Nature-Inspired Optimization Algorithms},
    year = {2014},
    publisher = {Elsevier Inc.},
    address = {London}
}

@article{Markowitz,
    author = {Harry Markowitz},
    title = {Portfolio Selection},
    journal = {American Finance Association},
    volumne = {7},
    number = {1},
    pages = {77-91},
    year = {1952}
}

@book{Hamilton,
    author = {William Peter Hamilton},
    title = {The Stock Market Barometer},
    year = {1921},
    publisher = {Harper and Brothers Publisher},
    address = {New York}
}

@article{Mauboussin,
    author = {Michael J. Mauboussin},
    title = {Revisiting Market Efficiency: The Stock Market as a Complex Adaptive System},
    journal = {Journal of Applied Corporate Finance},
    volume = {14},
    number = {4},
    pages = {8-16},
    year = {2002}
}

@misc{King,
  author = {Mark King},
  title = {Orlando is the cat's whiskers of stock picking},
  howpublished = {\url{http://web.archive.org/web/20080207010024/http://www.808multimedia.com/winnt/kernel.htm}},
  note = {Accessed: 2020-08-12}
}
